% This file was created with JabRef 2.6.
% Encoding: UTF-8

@ARTICLE{waterpolicy,
  author = {Prothro M.G.},
  title = {Office of water policy and technical guidance on interp retation
	and implementation of aquatic life metals criteria},
  year = {1993},
  institution = {Washington D C:USEPA},
  owner = {kiki},
  timestamp = {2010.12.28}
}

@ARTICLE{thesingle,
  author = {Backhaus T. and Scholze M. and Grimme L.H.},
  title = {The single substance and mixture toxicity of quinolones to the bioluminescent
	bacterium Vibrio fischeri},
  year = {2000},
  institution = {Aquat Toxicol},
  owner = {kiki},
  timestamp = {2010.12.28}
}

@MISC{os,
  author = {存储部落},
  title = {嵌入式操作系统特点分析},
  howpublished = {\url{http://www.sansky.net/article/2007-09-14-characteristic-of-embedded-operation-system.html}},
  year = {2007},
  owner = {kiki},
  timestamp = {2010.12.28},
  url = {http://www.sansky.net/article/2007-09-14-characteristic-of-embedded-operation-system.html}
}

@BOOK{qianrushi,
  title = {嵌入式Linux开发技术详解.[M]},
  publisher = {人民邮电出版社},
  author = {孙纪坤， 张小全},
  owner = {kiki},
  timestamp = {2010.12.28}
}

@ARTICLE{yingyong,
  author = {王兆群，司皖甦， 严刚},
  title = {发光细菌在环境监测中的应用.[\mbox{J}]},
  year = {2009},
  month = {12},
  institution = {环境检测与预警},
  owner = {kiki},
  timestamp = {2010.12.28}
}

@CONFERENCE{zaixian,
  author = {程立},
  title = {在线水质分析仪应用技术的发展},
  booktitle = {第三届中国在线水质分析仪器及发展国际论坛暨展览会},
  year = {2010},
  organization = {哈希公司},
  owner = {kiki},
  timestamp = {2010.12.28}
}

@ARTICLE{faguang,
  author = {贺志庆， 王文波},
  title = {发光细菌的特性及其在环境监测方面的应用.[\mbox{J}]},
  year = {2008},
  institution = {化学工程与装备},
  keywords = {化学工程与装备},
  owner = {kiki},
  timestamp = {2010.12.28}
}

